@misc{redbull,
  author ={Nodwin Gaming},
  title ={The evolution of platform games in 9 steps},
  howpublished ={\url{https://www.redbull.com/in-en/evolution-of-platformers}},
  note ={Accessed: 03.2024.},
  year ={23.03.2017}
}

@misc{platformerfeature,
  author = {Jane Tu},
  title={What Is A Platformer Game? (Features and Examples)},
  howpublished = {\url{https://www.powerofplatform.com/what-is-a-platformer-game-features-and-examples/}},
  note= {Accessed: 03.2024.},
  year = {22.11.2022}
}

@misc{platformerconnection,
  author = {Graham Cox},
  title = {Procedural Generation of Computer Game Maps},
  howpublished = {\url{https://www.baeldung.com/cs/gameplay-maps-procedural-generation}},
  note = {Accessed: 03.2024.},
  year = {18.03.2024}
}

@misc{gameengine1,
  author = {Wikipedia},
  title = {Game engine},
  howpublished = {\url{https://en.wikipedia.org/wiki/Game\_engine}},
  note = {Accessed:03.2024}
}

@misc{gameengine2,
  author = {University of Silicon Valley},
  title = {WHAT IS A GAME ENGINE?},
  howpublished = {\url{https://usv.edu/blog/what-is-a-game-engine/}},
  note = {Accessed: 03.2024.},
  year = {20.10.2020}
}

@misc{unrealengine1,
  author = {Wikipedia},
  title = {Unreal Engine},
  howpublished = {\url{https://en.wikipedia.org/wiki/Unreal\_Engine}},
  note = {Accessed: 03.2024.}
}

@misc{unrealengine2,
  author = {Epic Games},
  title = {Features},
  howpublished = {\url{https://www.unrealengine.com/en-US/features}},
  note = {Accessed: 03.2024.}
}

@misc{godot,
  author = {Godot},
  title = {Features},
  howpublished = {\url{https://godotengine.org/features/}},
  note = {Accessed: 03.2024.}
}

@misc{unity1,
  author = {Unity},
  title = {2D game development},
  howpublished = {\url{https://docs.unity3d.com/Manual/Unity2D.html}},
  note = {Accessed: 03.2024.}
}
 
@misc{unityassetstore,
  author = {Unity},
  title = {Unity Asset Store},
  howpublished = {\url{https://assetstore.unity.com/}},
  note = {Accessed: 04.2024.}
}

@misc{unity2,
  author = {Noveltech},
  title = {The Unity Advantage: Why Developers Choose Unity as their Game Engine},
  howpublished = {\url{https://www.noveltech.dev/the-unity-advantage}},
  note = {Accessed: 03.2024.},
  year = {13.07.2023.}
}

@misc{perlin1,
  author = {Flafla2},
  title={Understanding Perlin Noise},
  howpublished={\url{https://adrianb.io/2014/08/09/perlinnoise.html}},
  note={Accessed: 03.2024.},
  year={09.08.2014}
}

@misc{perlin2,
  author = {Wikipedia},
  title = {Perlin Noise},
  howpublished={\url{https://en.wikipedia.org/wiki/Perlin\_noise}},
  note = {Accessed: 03.2024.}
}

@misc{cellular,
  author = {Wikipedia},
  title = {Cellular Automaton},
  howpublished = {\url{https://en.wikipedia.org/wiki/Cellular\_automaton}},
  note = {Accessed: 03.2024.}
}

@misc{conway,
  author = {Wikipedia},
  title = {Conway's Game of Life},
  howpublished = {\url{https://en.wikipedia.org/wiki/Conway\%27s\_Game\_of\_Life}},
  note = {Accessed: 03.2024.},
}

@misc{randomwalk,
  author = {Noveltech},
  title = {Generating a 2D map using the Random Walk algorithm},
  howpublished = {\url{https://www.noveltech.dev/procgen-random-walk}},
  note = {Accessed: 03.2024.},
  year = {17.07.2023}
}

@misc{mapgenerator,
  author = {Ethan Bruins},
  title = {Procedural patterns to use with Tilemaps, part 2},
  howpublished = {\url{https://blog.unity.com/engine-platform/procedural-patterns-to-use-with-tilemaps-part-2}},
  note = {Accessed: 04.2024.},
  year = {07.06.2018}
}

@misc{mapgenerator2,
  author = {Ethan Bruins},
  title = {ProceduralPatterns2D},
  howpublished = {\url{https://github.com/UnityTechnologies/ProceduralPatterns2D/blob/master/Assets/Global\%20Scripts/MapFunctions.cs}},
  note = {Accessed: 04.2024.},
  year = {12.06.2018}
}

@misc{unitygameobject,
  author = {Unity},
  title = {GameObject},
  howpublished = {\url{https://docs.unity3d.com/Manual/class-GameObject.html}},
  note = {Accessed: 04.2024.}
}

@misc{unityhierarchy,
  author = {Unity},
  title = {The Hierarchy window},
  howpublished = {\url{https://docs.unity3d.com/Manual/Hierarchy.html}},
  note = {Accessed: 04.2024.}
}

@misc{unityasset1,
  author = {Ansimuz},
  title = {SunnyLand},
  howpublished = {\url{https://assetstore.unity.com/packages/2d/characters/sunny-land-103349}},
  note = {Accessed: 04.2024.},
  year = {10.11.2022}
}

@misc{transformcomponent,
  author = {Unity},
  title = {Transforms},
  howpublished = {\url{https://docs.unity3d.com/Manual/class-Transform.html}},
  note = {Accessed: 04.2024.}
}

@misc{unityrigidbody2d,
  author = {Unity},
  title = {Introduction to Rigidbody2D},
  howpublished = {\url{https://docs.unity3d.com/Manual/class-Rigidbody2D.html}},
  note = {Accessed: 04.2024.}
}

@misc{youtubeplaylist,
  author = {Antarsoft},
  title = {Unity 2D Platformer Tutorial For Beginners},
  howpublished = {\url{https://www.youtube.com/playlist?list=PLjAb99vXJuCRD04EUp8p2az1ILZbq_ZfY}},
  note = {Accessed: 04.2024.},
  year = {16.02.2022.}
}

@misc{betterjump,
  author = {Board To Bits Games},
  title = {Better Jumping in Unity With Four Lines of Code},
  howpublished = {\url{https://www.youtube.com/watch?v=7KiK0Aqtmzc\&t=104s\&ab\_channel=BoardToBitsGames}},
  note = {Accessed: 04.2024.},
  year = {20.03.2017}
}

@misc{grapplinghook1,
  author = {DonHaul Game Dev},
  title = {Grappling Hook (Part 1) - Unity 2D Tutorial (C\#)},
  howpublished = {\url{https://www.youtube.com/watch?v=sHhzWlrTgJo\&ab\_channel=DonHaulGameDev-Wabble-UnityTutorials}},
  note = {Accessed: 05.05.2024.},
  year = {17.09.2015.}
}

@misc{grapplinghook2,
  author = {DonHaul Game Dev},
  title = {Grappling Hook (Part 2) - Unity 2D Tutorial (C\#)},
  howpublished = {\url{}},
  note = {Accessed: 05.05.2024.},
  year = {19.09.2015.}
}

@misc{cameracomponent,
  author = {Unity},
  title = {Cameras},
  howpublished = {\url{https://docs.unity3d.com/Manual/CamerasOverview.html}},
  note = {Accessed: 04.2024.}
}

@misc{animatorcomponent,
  author ={Unity},
  title = {Animator Controllers},
  howpublished = {\url{https://docs.unity3d.com/Manual/AnimatorControllers.html}},
  note = {Accessed: 04.2024.}
}

@misc{unitytilemap,
  author ={Unity},
  title = {Tilemaps},
  howpublished = {\url{https://docs.unity3d.com/Manual/Tilemap.html}},
  note = {Accessed: 04.2024.}
}

@misc{unityruletile,
  author ={Unity},
  title = {Using Rule Tiles},
  howpublished = {\url{https://learn.unity.com/tutorial/using-rule-tiles\#}},
  note = {Accessed: 04.2024.}
}

@misc{volumesettings,
  author = {Rehope Games},
  title = {Unity AUDIO Volume Settings Menu Tutorial},
  howpublished = {\url{https://www.youtube.com/watch?v=G-JUp8AMEx0\&ab\_channel=RehopeGames}},
  note = {Accessed: 05.05.2024.},
  year = {7.03.2023.}
}